@article{christiano2018dsge,
  title = {DSGE Models for Monetary Policy Analysis},
  author = {Christiano, Lawrence J and Eichenbaum, Martin S and Trabandt, Mathias},
  journal = {Handbook of Monetary Economics},
  volume = {3},
  pages = {7--100},
  year = {2018},
  publisher = {Elsevier}
}

@article{delnegro2013dsge,
  title = {DSGE Model-Based Forecasting},
  author = {Del Negro, Marco and Schorfheide, Frank},
  journal = {Handbook of Economic Forecasting},
  volume = {2},
  pages = {57--140},
  year = {2013},
  publisher = {Elsevier}
}

@article{smets2007shocks,
  title = {Shocks and Frictions in US Business Cycles: A Bayesian DSGE Approach},
  author = {Smets, Frank and Wouters, Rafael},
  journal = {American Economic Review},
  volume = {97},
  number = {3},
  pages = {586--606},
  year = {2007}
}

@article{farmer2009virtues,
  title = {The Virtues and Vices of Equilibrium and the Future of Financial Economics},
  author = {Farmer, J Doyne and Geanakoplos, John},
  journal = {Complexity},
  volume = {14},
  number = {3},
  pages = {11--38},
  year = {2009}
}

@article{dixon2013validation,
  title = {Validation in Computable General Equilibrium Modeling},
  author = {Dixon, Peter B and Rimmer, Maureen T},
  journal = {Handbook of Computable General Equilibrium Modeling},
  volume = {1},
  pages = {1271--1303},
  year = {2013},
  publisher = {Elsevier}
}

@book{kehoe2005general,
  title = {General Equilibrium Models for the Chilean Economy},
  author = {Kehoe, Timothy J and Ruhl, Kim J and others},
  year = {2005},
  publisher = {Central Bank of Chile}
}

@book{burfisher2017introduction,
  title = {Introduction to Computable General Equilibrium Models},
  author = {Burfisher, Mary E},
  year = {2017},
  publisher = {Cambridge University Press}
}

@article{phillips1950mechanical,
  title = {Mechanical Models in Economic Dynamics},
  author = {Phillips, A W},
  journal = {Economica},
  volume = {17},
  number = {67},
  pages = {283--305},
  year = {1950}
}

@article{colander2008moniac,
  title = {The MONIAC},
  author = {Colander, David},
  journal = {Journal of Economic Perspectives},
  volume = {22},
  number = {1},
  pages = {215--228},
  year = {2008}
}

@article{vines2000phillips,
  title = {Phillips' Hydraulic Computer},
  author = {Vines, David},
  journal = {Journal of Economic Studies},
  volume = {27},
  number = {1/2},
  pages = {96--116},
  year = {2000}
}

@article{leijonhufvud2006uses,
  title = {The Uses of the Past},
  author = {Leijonhufvud, Axel},
  journal = {European Journal of the History of Economic Thought},
  volume = {13},
  number = {1},
  pages = {1--14},
  year = {2006}
}

@article{bouchaud2008economics,
  title = {Economics Needs a Scientific Revolution},
  author = {Bouchaud, Jean-Philippe},
  journal = {Nature},
  volume = {455},
  pages = {1181},
  year = {2008}
}

@article{stanley1999econophysics,
  title = {Econophysics: An Emerging Science},
  author = {Stanley, H Eugene and others},
  journal = {Physica A},
  volume = {269},
  pages = {156--169},
  year = {1999}
}

@article{yakovenko2016economic,
  title = {Economic Turbulence},
  author = {Yakovenko, Victor M},
  journal = {Physica A},
  volume = {452},
  pages = {1--2},
  year = {2016}
}

@article{kutluay2019fluid,
  title = {Fluid Dynamics in Economic Modeling},
  author = {Kutluay, Y and Brouwer, R},
  journal = {Physica A},
  volume = {527},
  pages = {121345},
  year = {2019}
}

@book{richmond2013econophysics,
  title = {Econophysics and Physical Economics},
  author = {Richmond, Peter and others},
  publisher = {Oxford University Press},
  year = {2013}
}

@article{gligor2007navier,
  title = {Navier-Stokes for Economic Flows},
  author = {Gligor, M and Ausloos, M},
  journal = {Physica A},
  volume = {383},
  number = {1},
  pages = {42--48},
  year = {2007}
}

@book{abergel2017econophysics,
  title = {Econophysics and Sociophysics},
  author = {Abergel, Frederic and others},
  publisher = {Springer},
  year = {2017}
}

@article{sornette2014physics,
  title = {Physics and Financial Economics},
  author = {Sornette, Didier},
  journal = {Physics Reports},
  volume = {538},
  number = {3},
  pages = {95--124},
  year = {2014}
}

@article{haldane2011systemic,
  title = {Systemic Risk in Banking Ecosystems},
  author = {Haldane, Andrew G and May, Robert M},
  journal = {Nature},
  volume = {469},
  pages = {351--355},
  year = {2011}
}

@article{battiston2016complexity,
  title = {Complexity Theory and Financial Regulation},
  author = {Battiston, Stefano and others},
  journal = {Science},
  volume = {351},
  number = {6275},
  pages = {818--819},
  year = {2016}
}

@article{farmer2012complex,
  title = {A Complex Systems Approach to Constructing Better Models for Predicting Financial Markets},
  author = {Farmer, J Doyne and others},
  journal = {Complexity},
  volume = {17},
  number = {4},
  pages = {38--50},
  year = {2012}
}

@article{thurner2012leverage,
  title = {Leverage Causes Fat Tails and Clustered Volatility},
  author = {Thurner, Stefan and others},
  journal = {Quantitative Finance},
  volume = {12},
  number = {5},
  pages = {695--707},
  year = {2012}
}

@article{head2014gravity,
  title = {Gravity Equations: Workhorse, Toolkit, and Cookbook},
  author = {Head, Keith and Mayer, Thierry},
  journal = {Handbook of International Economics},
  volume = {4},
  pages = {131--195},
  year = {2014}
}

@article{hamilton2018hodrick,
  title = {Why You Should Never Use the Hodrick-Prescott Filter},
  author = {Hamilton, James D},
  journal = {Review of Economics and Statistics},
  volume = {100},
  number = {5},
  pages = {831--843},
  year = {2018}
}

@article{stock2016dynamic,
  title = {Dynamic Factor Models, Factor-Augmented Vector Autoregressions, and Structural Vector Autoregressions in Macroeconomics},
  author = {Stock, James H and Watson, Mark W},
  journal = {Handbook of Macroeconomics},
  volume = {2},
  pages = {415--525},
  year = {2016}
}

@book{ormerod2005limits,
  title = {The Limits of Economic Theory},
  author = {Ormerod, Paul},
  publisher = {Polity Press},
  year = {2005}
}

@misc{mcentire2025communal,
  title = {Communal Wealth Theory},
  author = {McEntire, Jeremy},
  year = {2025},
  howpublished = {\url{https://www.linkedin.com/pulse/communal-wealth-theory-jeremy-mcentire/}}
}

@techreport{imf2025world,
  title = {World Economic Outlook Database, October 2025},
  author = {IMF},
  institution = {International Monetary Fund},
  year = {2025}
}

@techreport{worldbank2025global,
  title = {Global Economic Prospects, June 2025},
  author = {World Bank},
  institution = {World Bank},
  year = {2025}
}

@techreport{sia2025semiconductor,
  title = {Semiconductor Industry Association Q3 Report},
  author = {SIA},
  institution = {Semiconductor Industry Association},
  year = {2025}
}

@techreport{ustr2025section,
  title = {Section 232 Tariffs Announcement, October 2025},
  author = {USTR},
  institution = {United States Trade Representative},
  year = {2025}
}

@techreport{piie2025tariff,
  title = {Tariff Impacts Brief, October 2025},
  author = {PIIE},
  institution = {Peterson Institute for International Economics},
  year = {2025}
}

@techreport{moodys2025us,
  title = {U.S. Economic Outlook, Q4 2025},
  author = {Moody's},
  institution = {Moody's Analytics},
  year = {2025}
}

@misc{reuters2025china,
  title = {China Rare Earth Curbs, October 9, 2025},
  author = {Reuters},
  year = {2025},
  howpublished = {\url{https://www.reuters.com}}
}

@techreport{eia2025short,
  title = {Short-Term Energy Outlook, October 2025},
  author = {EIA},
  institution = {U.S. Energy Information Administration},
  year = {2025}
}

@techreport{statscan2025monthly,
  title = {Monthly Trade Report, October 2025},
  author = {StatsCan},
  institution = {Statistics Canada},
  year = {2025}
}

@techreport{eurostat2025industrial,
  title = {Industrial Production Index, October 2025},
  author = {Eurostat},
  institution = {Eurostat},
  year = {2025}
}

@techreport{eclac2025latin,
  title = {Latin America Commodity Exports, October 2025},
  author = {ECLAC},
  institution = {Economic Commission for Latin America and the Caribbean},
  year = {2025}
}

@techreport{unctad2025trade,
  title = {Trade Diversion Report, October 2025},
  author = {UNCTAD},
  institution = {United Nations Conference on Trade and Development},
  year = {2025}
}

@techreport{strategicmetals2025rare,
  title = {Rare Earth Price Index, October 2025},
  author = {Strategic Metals},
  institution = {Strategic Metals},
  year = {2025}
}

@book{lewis1966culture,
  title = {The Culture of Poverty},
  author = {Lewis, Oscar},
  journal = {Scientific American},
  volume = {215},
  number = {4},
  pages = {19--25},
  year = {1966},
  publisher = {JSTOR}
}
